<collection xmlns="http://www.loc.gov/MARC21/slim">
<record>
  <leader>01765nam a2200385 a 4500</leader>
  <controlfield tag="001">3211394</controlfield>
  <controlfield tag="007">he amb---bbcp</controlfield>
  <controlfield tag="007">he bmb---baap</controlfield>
  <controlfield tag="008">831223s1900    gauac   b     000 0 eng d</controlfield>
  <datafield tag="020" ind1=" " ind2=" ">
    <subfield code="a">0665292449</subfield>
  </datafield>
  <datafield tag="035" ind1=" " ind2=" ">
    <subfield code="a">ocn317910600</subfield>
  </datafield>
  <datafield tag="040" ind1=" " ind2=" ">
    <subfield code="a">CaOOCIHM</subfield>
    <subfield code="b">eng</subfield>
    <subfield code="d">AEU</subfield>
  </datafield>
  <datafield tag="082" ind1="0" ind2=" ">
    <subfield code="a">269.2</subfield>
    <subfield code="2">19</subfield>
  </datafield>
  <datafield tag="090" ind1=" " ind2=" ">
    <subfield code="a">FC 02 0203 no. 29244</subfield>
    <subfield code="b">AEU</subfield>
  </datafield>
  <datafield tag="100" ind1="1" ind2=" ">
    <subfield code="a">Hanson, J. W.</subfield>
    <subfield code="q">(John Wesley),</subfield>
    <subfield code="d">1823-1901</subfield>
  </datafield>
  <datafield tag="245" ind1="1" ind2="0">
    <subfield code="a">Memorial of life and works of Dwight L. Moody, the world&apos;s greatest evangelist</subfield>
    <subfield code="h">[microform] :</subfield>
    <subfield code="b">a complete and authentic review of the marvelous career of the most remarkable religious general in history /</subfield>
    <subfield code="c">by J.W. Hanson ; introduction by H.W. Thomas ; eulogy by J. V. Farwell.</subfield>
  </datafield>
  <datafield tag="260" ind1=" " ind2=" ">
    <subfield code="a">Atlanta;</subfield>
    <subfield code="a">Toronto :</subfield>
    <subfield code="b">J.L. Nichols,</subfield>
    <subfield code="c">1900.</subfield>
  </datafield>
  <datafield tag="300" ind1=" " ind2=" ">
    <subfield code="a">6 microfiches (269 fr.) :</subfield>
    <subfield code="b">ill., ports.</subfield>
  </datafield>
  <datafield tag="490" ind1="1" ind2=" ">
    <subfield code="a">CIHM/ICMH Microfiche series = CIHM/ICMH collection de microfiches ;</subfield>
    <subfield code="v">no. 29244</subfield>
  </datafield>
  <datafield tag="500" ind1=" " ind2=" ">
    <subfield code="a">&quot;Sold only by subscription.&quot;</subfield>
  </datafield>
  <datafield tag="500" ind1=" " ind2=" ">
    <subfield code="a">Includes selected sermons by Moody on pages 313-512.</subfield>
  </datafield>
  <datafield tag="533" ind1=" " ind2=" ">
    <subfield code="a">Filmed from a copy of the original publication held by the National Library of Canada.</subfield>
    <subfield code="b">Ottawa :</subfield>
    <subfield code="c">Canadian Institute for Historical Microreproductions,</subfield>
    <subfield code="d">1982.</subfield>
  </datafield>
  <datafield tag="534" ind1=" " ind2=" ">
    <subfield code="e">512 p. : ill., ports. ; 22 cm.</subfield>
  </datafield>
  <datafield tag="596" ind1=" " ind2=" ">
    <subfield code="a">43</subfield>
  </datafield>
  <datafield tag="600" ind1="1" ind2="0">
    <subfield code="a">Moody, D.L.</subfield>
    <subfield code="q">(Dwight Lyman),</subfield>
    <subfield code="d">1837-1899.</subfield>
  </datafield>
  <datafield tag="600" ind1="1" ind2="6">
    <subfield code="a">Moody, D.L.</subfield>
    <subfield code="q">(Dwight Lyman),</subfield>
    <subfield code="d">1837-1899.</subfield>
  </datafield>
  <datafield tag="650" ind1=" " ind2="0">
    <subfield code="a">Evangelists</subfield>
    <subfield code="v">Biography.</subfield>
  </datafield>
  <datafield tag="650" ind1=" " ind2="0">
    <subfield code="a">Evangelistic work.</subfield>
  </datafield>
  <datafield tag="650" ind1=" " ind2="6">
    <subfield code="a">Evangélistes (Prédicateurs protestants)</subfield>
    <subfield code="v">Biograph</subfield>
  </datafield>
<!-- No separator at end of field length=60 -->
  <datafield tag="650" ind1="e" ind2="s">
  </datafield>
<!-- Separator but not at end of field length=21 -->
  <datafield tag="700" ind1="t" ind2="i">
    <subfield code="n">.</subfield>
  </datafield>
<!-- Separator but not at end of field length=46 -->
  <datafield tag="830" ind1="1" ind2="8">
    <subfield code="9">.</subfield>
  </datafield>
<!-- Separator but not at end of field length=45 -->
  <datafield tag="949" ind1="2" ind2="9">
    <subfield code="4">4</subfield>
  </datafield>
<!-- Separator but not at end of field length=22 -->
  <datafield tag="016" ind1="M" ind2="M">
    <subfield code="R">E</subfield>
  </datafield>
<!-- Separator but not at end of field length=15 -->
  <datafield tag="926" ind1="9" ind2="1">
    <subfield code="1">0</subfield>
  </datafield>
<!-- Separator but not at end of field length=58 -->
</record>
</collection>
